@article{arun,
title={Least-Squares Fitting of Two 3-D Point Sets},
author={Arun, K.S. and Huang, T.S. and Blostein, S.D.},
journal={IEEE Trans. on Pattern Analysis and Machine Intel.},
pages={ 698-700}
year={1987}
}
@article{chen91,
title={A Screw Motion Approach to Uniqueness Analysis of Head-Eye Geometry},
author={Chen, H.H.},
journal={IEEE Conference on Computer Vision and Pattern Recognition, 1991},
pages={145-151}
year={1991}
}
@article{Boctor-2006,
title={Enabling Technologies For Ultrasound Imaging In Computer-Assisted Intervention},
author={Boctor, E.M.},
journal={Johns Hopkins Thesis},
year={2006}
}
@article{tsai1989new,
  title={A new technique for fully autonomous and efficient 3D robotics hand/eye calibration},
  author={Tsai, R. and Lenz, Y.},
  journal={Robotics and Automation, IEEE Transactions on},
  volume={5},
  number={3},
  pages={345--358},
  year={1989},
  publisher={IEEE}
}
@article{neudecker1969note,
  title={A note on Kronecker matrix products and matrix equation systems},
  author={Neudecker, H},
  journal={SIAM Journal on Applied Mathematics},
  volume={17},
  number={3},
  pages={603--606},
  year={1969},
  publisher={SIAM}
}
@article{darius1,
title={Spatio-temporal initialization for IMU to camera registration},
author={Mair, E. and Fleps, M. and Suppa, M. and Burschka, D.},
journal={IEEE ROBIO},
pages={557-564}
year={2011}
}
@article{dong,
title={Kinematics Parameters Estimation for an AFM/Robot Integrated Micro-Force Measurement System},
author={Dong, W. and Rostoucher, D. and Gauthier, M.},
journal={IEEE/RSJ International Conference on Intelligent Robots and Systems},
pages={6143-6148}
year={2010}
}
@article{kim,
title={Robot Head-Eye Calibration Using the Minimum Variance Method},
author={Kim, S.-J. and Jeong, M.H. and Lee, J.J. and Lee, J.Y. and Kim, K.G. and You, B.J. and Oh, S.R.},
journal={IEEE International Conference on Robotics and Biomimetics},
pages={1446 - 1451}
year={2010}
}
@article{dai,
title={Rotation Averaging with Application to Camera-Rig Calibration},
author={Dai, Y., Trumpf  and J., Li, H. and  Barnes, N. and Hartley, R.},
journal={ACCV 2009, Part II, LNCS 5995},
pages={335-346}
year={2010}
}
@book{horn1986robot,
  title={Robot Vision (MIT Electrical Engineering and Computer Science)},
  author={Horn, B.  and Klaus, P.},
  year={1986},
  publisher={the MIT Press}
}
@article{shiu1989calibration,
  title={Calibration of wrist-mounted robotic sensors by solving homogeneous transform equations of the form AX = XB },
  author={Shiu, Y.C. and Ahmad, S.},
  journal={Robotics and Automation, IEEE Transactions on},
  volume={5},
  number={1},
  pages={16--29},
  year={1989},
  publisher={IEEE}
}
@article{chou1991finding,
  title={Finding the position and orientation of a sensor on a robot manipulator using quaternions},
  author={Chou, J. and Kamel, M.},
  journal={The international journal of robotics research},
  volume={10},
  number={3},
  pages={240--254},
  year={1991},
  publisher={Sage Publications}
}
@article{park1994robot,
  title={Robot sensor calibration: solving AX= XB on the Euclidean group},
  author={Park, F.C and Martin, B.J.},
  journal={Robotics and Automation, IEEE Transactions on},
  volume={10},
  number={5},
  pages={717--721},
  year={1994},
  publisher={IEEE}
}
@article{horaud1995hand,
  title={Hand-eye calibration},
  author={Horaud, R. and Dornaika, F.},
  journal={The international journal of robotics research},
  volume={14},
  number={3},
  pages={195--210},
  year={1995},
  publisher={Sage Publications}
}
@article{daniilidis1999hand,
  title={Hand-eye calibration using dual quaternions},
  author={Daniilidis, K.},
  journal={The International Journal of Robotics Research},
  volume={18},
  number={3},
  pages={286--298},
  year={1999},
  publisher={SAGE Publications}
}
@inproceedings{andreff1999line,
  title={On-line hand-eye calibration},
  author={Andreff, N. and Horaud, R. and Espiau, B.},
  booktitle={3-D Digital Imaging and Modeling, 1999. Proceedings. Second International Conference on},
  pages={430--436},
  year={1999},
  organization={IEEE}
}
@inproceedings{zhao2011hand,
  title={Hand-eye calibration using convex optimization},
  author={Zhao, Z.},
  booktitle={Robotics and Automation (ICRA), 2011 IEEE International Conference on},
  pages={2947--2952},
  year={2011},
  organization={IEEE}
}
@inproceedings{zhao2011hand,
  title={Hand-eye calibration using convex optimization},
  author={Zhao, Zijian},
  booktitle={Robotics and Automation (ICRA), 2011 IEEE International Conference on},
  pages={2947--2952},
  year={2011},
  organization={IEEE}
}
@inproceedings{heller2014hand,
  title={Hand-eye and robot-world calibration by global polynomial optimization},
  author={Heller, Jan and Henrion, Didier and Pajdla, Tomas},
  booktitle={Robotics and Automation (ICRA), 2014 IEEE International Conference on},
  pages={3157--3164},
  year={2014},
  organization={IEEE}
}
@inproceedings{ackerman2014online,
  title={Online ultrasound sensor calibration using gradient descent on the Euclidean Group},
  author={Ackerman, Martin Kendal and Cheng, Alexis and Boctor, Emad and Chirikjian, Gregory},
  booktitle={Robotics and Automation (ICRA), 2014 IEEE International Conference on},
  pages={4900--4905},
  year={2014},
  organization={IEEE}
}
@inproceedings{shah2012overview,
  title={An overview of robot-sensor calibration methods for evaluation of perception systems},
  author={Shah, M. and Eastman, R.D. and Hong, T.},
  booktitle={Proceedings of the Workshop on Performance Metrics for Intelligent Systems},
  pages={15--20},
  year={2012},
  organization={ACM}
}
@article{alexis9,
  title={Internet Time Synchronization: Network Time Protocol},
  author={Mills, D. L.},
  journal={IEEE Transactions on Communications},
  pages={1482-1493},
  year={1991},
  publisher={SAGE Publications}
}
@article{Wang08,
  title={Nonparametric Second-order Theory of Error Propagation on Motion Groups},
  author={Wang, Y. and Chirikjian, G. S.},
  journal={ International Journal of Robotics Research},
  pages={1258â€“1273},
  year={2008}
}
@article{ackermanGSI,
  title={A Probabilistic Solution to the ${AX=XB}$ Problem Sensor Calibration Without Correspondence},
  author={Ackerman, M.K. and Chirikjian, G. S.},
  journal={Proceedings of the conference on the Geometric Science of Information},
  year={2013}
}
@article{ackermanIROS2013,
  title={Sensor Calibration with Unknown Correspondence: Solving {$AX=XB$} Using Euclidean-Group Invariants},
  author={Ackerman, M.K. and Cheng, A., and Shiffman, B., and Boctor, E.M., and Chirikjian, G. S.},
  journal={Proceedings of the conference on the Geometric Science of Information},
  year={2013}
}
@article{absil,
  title={Optimization algorithms on matrix manifolds},
  author={Absil, P. A. and Mahony, R. and Sepulchre, R.},
  journal={Princeton University Press},
  year={2009}
}
@book{myoldbook,
  title="Engineering applications of noncommutative harmonic analysis: with emphasis on rotation and motion groups",
  author="Chirikjian, G. S. and Kyatkin, A. B.",
  year=2001,
  publisher="CRC Press"
}
@book{vol2,
  title="Stochastic Models, Information Theory, and Lie Groups: Vol. \textbf{2}",
  author="Chirikjian, G. S.",
  year=2011,
  publisher="Birkauser, Boston"
}
@article{wooramrobotica,
  title={Kinematic state estimation and motion planning for stochastic nonholonomic systems using the exponential map},
  author={Park, W., and Liu, Y., and Zhou, Y., and Moses,  M., and Chirikjian, G. S.},
  journal={Robotica},
  pages={419-434},
  year={2008}
}
@article{Park10,
  title={The path-of-probability algorithm for steering and feedback control of flexible needles},
  author={Park, W., and Wang, Y., and Chirikjian, G. S.},
  journal={International Journal of Robotics Research},
  pages={813-830},
  year={2010}
}
@article{Pennec11,
  title={Intrinsic statistics on Riemannian manifolds: Basic tools for geometric measurements},
  author={Pennec, X.},
  journal={Journal of Mathematical Imaging and Vision},
  pages={127-154},
  year={2006}
}
@article{Roussopoulos,
  title={Computing MAP trajectories by representing, propagating and combining PDFs over groups},
  author={Smith, P., and Drummond, T., and Roussopoulos, K.},
  journal={Proceedings of the 9th IEEE International Conference on Computer Vision},
  pages={1275-1282},
  year={2003}
}
@article{SuLee,
  title={Manipulation and propagation of uncertainty and verification of applicability of actions in assembly tasks},
  author={Su, S., and  Lee, C. S. G.},
  journal={IEEE Trans. Syst. Man Cybern.},
  pages={1376-1389},
  year={1992}
}
@article{Wang06,
  title={Error propagation on the Euclidean group with applications to manipulator kinematics},
  author={Wang, Y. and Chirikjian, G. S.},
  journal={IEEE Transactions on Robotics},
  pages={591-602},
  year={2006}
}
@article{gwak,
  title={Numerical optimization on the Euclidean group with applications to camera calibration},
  author={Gwak, S., and Kim, J., and Park, F. C.},
  journal={IEEE Transactions on Robotics and Automation},
  pages={65-74},
  year={2003}
}
@article{Klein,
  title={Review of pseudoinverse control for use with kinematically redundant manipulators},
  author={Klein, C. A., and Huang, C. H.},
  journal={IEEE Transactions on Systems, Man and Cybernetics},
  pages={245-250},
  year={1983}
}
@article{Maciejewski,
  title={Repeatable generalized inverse control strategies for kinematically redundant manipulators},
  author={Roberts, R. G., and Maciejewski, A. A.},
  journal={IEEE Transactions on Automatic Control},
  pages={689-699},
  year={1993}
}