@book{horn1986robot,
  title={Robot Vision: MIT ELECTRICAL ENGINEERING AND COMPUTER SCIENCE SE},
  author={Horn, Berthold Klaus Paul},
  year={1986},
  publisher={the MIT Press}
}
@article{shiu1989calibration,
  title={Calibration of wrist-mounted robotic sensors by solving homogeneous transform equations of the form AX = XB },
  author={Shiu, Yiu Cheung and Ahmad, Shaheen},
  journal={Robotics and Automation, IEEE Transactions on},
  volume={5},
  number={1},
  pages={16--29},
  year={1989},
  publisher={IEEE}
}
@article{chou1991finding,
  title={Finding the position and orientation of a sensor on a robot manipulator using quaternions},
  author={Chou, Jack CK and Kamel, M},
  journal={The international journal of robotics research},
  volume={10},
  number={3},
  pages={240--254},
  year={1991},
  publisher={Sage Publications}
}
@article{park1994robot,
  title={Robot sensor calibration: solving AX= XB on the Euclidean group},
  author={Park, Frank C and Martin, Bryan J},
  journal={Robotics and Automation, IEEE Transactions on},
  volume={10},
  number={5},
  pages={717--721},
  year={1994},
  publisher={IEEE}
}
@article{horaud1995hand,
  title={Hand-eye calibration},
  author={Horaud, Radu and Dornaika, Fadi},
  journal={The international journal of robotics research},
  volume={14},
  number={3},
  pages={195--210},
  year={1995},
  publisher={Sage Publications}
}
@article{daniilidis1999hand,
  title={Hand-eye calibration using dual quaternions},
  author={Daniilidis, Konstantinos},
  journal={The International Journal of Robotics Research},
  volume={18},
  number={3},
  pages={286--298},
  year={1999},
  publisher={SAGE Publications}
}
@inproceedings{andreff1999line,
  title={On-line hand-eye calibration},
  author={Andreff, Nicolas and Horaud, Radu and Espiau, Bernard},
  booktitle={3-D Digital Imaging and Modeling, 1999. Proceedings. Second International Conference on},
  pages={430--436},
  year={1999},
  organization={IEEE}
}
@inproceedings{zhao2011hand,
  title={Hand-eye calibration using convex optimization},
  author={Zhao, Zijian},
  booktitle={Robotics and Automation (ICRA), 2011 IEEE International Conference on},
  pages={2947--2952},
  year={2011},
  organization={IEEE}
}
@inproceedings{shah2012overview,
  title={An overview of robot-sensor calibration methods for evaluation of perception systems},
  author={Shah, Mili and Eastman, Roger D and Hong, Tsai},
  booktitle={Proceedings of the Workshop on Performance Metrics for Intelligent Systems},
  pages={15--20},
  year={2012},
  organization={ACM}
}
@article{tsai1989new,
  title={A new technique for fully autonomous and efficient 3D robotics hand/eye calibration},
  author={Tsai, Roger Y and Lenz, Reimar K},
  journal={Robotics and Automation, IEEE Transactions on},
  volume={5},
  number={3},
  pages={345--358},
  year={1989},
  publisher={IEEE}
}