@article{Sample00,
author={Sample Entry},
title={Structure of the entries},
journal={Encyclopedia of Computer Vision},
year={2009}
}
