@article{arun,
title={Least-Squares Fitting of Two 3D Point Sets},
author={Arun, K.S. and Huang, T.S. and Blostein, S.D.},
journal={IEEE Transactions on Pattern Analysis and Machine Intelligence},
pages={ 698-700}
year={1987}
}
@article{chen91,
title={A Screw Motion Approach to Uniqueness Analysis of Head-Eye Geometry},
author={Chen, H.H.},
journal={IEEE Conference on Computer Vision and Pattern Recognition},
pages={145-151}
year={1991}
}
@article{neudecker1969note,
  title={A note on Kronecker matrix products and matrix equation systems},
  author={Neudecker, H},
  journal={Journal on Applied Mathematics},
  volume={17},
  number={3},
  pages={603--606},
  year={1969},
  publisher={SIAM}
}

@inproceedings{darius1,
  title={Spatio-temporal initialization for IMU to camera registration},
  author={Mair, Elmar and Fleps, Michael and Suppa, Michael and Burschka, Darius},
  booktitle={IEEE International Conference on Robotics and Biomimetics},
  pages={557--564},
  year={2011},
  organization={IEEE}
}

@article{dong,
title={Kinematics Parameters Estimation for an AFM/Robot Integrated Micro-Force Measurement System},
author={Dong, W. and Rostoucher, D. and Gauthier, M.},
journal={IEEE/RSJ International Conference on Intelligent Robots and Systems},
pages={6143-6148}
year={2010}
}

@incollection{dai,
  title={Rotation averaging with application to camera-rig calibration},
  author={Dai, Yuchao and Trumpf, Jochen and Li, Hongdong and Barnes, Nick and Hartley, Richard},
  booktitle={Computer Vision--ACCV 2009},
  pages={335--346},
  year={2010},
  publisher={Springer}
}

@article{horn1986robot,
  title={Robot vision},
  author={Horn, Berthold},
  year={1986},
  publisher={MIT press}
}

@inproceedings{shiu1987finding,
  title={Finding the mounting position of a sensor by solving a homogeneous transform equation of the form {AX = XB}},
  author={Shiu, Y and Ahmad, S},
  booktitle={IEEE International Conference on Robotics and Automation},
  volume={4},
  pages={1666--1671},
  year={1987},
  organization={IEEE}
}
@inproceedings{chou1988quaternions,
  title={Quaternions approach to solve the kinematic equation of rotation, {AX = XB}, of a sensor-mounted robotic manipulator},
  author={Chou, Jack CK and Kamel, M},
  booktitle={IEEE International Conference on Robotics and Automation},
  pages={656--662},
  year={1988},
  organization={IEEE}
}
@article{tsai1989new,
  title={A new technique for fully autonomous and efficient 3D robotics hand/eye calibration},
  author={Tsai, R. and Lenz, Y.},
  journal={IEEE Transactions on Robotics and Automation},
  volume={5},
  number={3},
  pages={345--358},
  year={1989},
  publisher={IEEE}
}
@article{shiu1989calibration,
  title={Calibration of wrist-mounted robotic sensors by solving homogeneous transform equations of the form {AX = XB} },
  author={Shiu, Y.C. and Ahmad, S.},
  journal={IEEE Transactions on Robotics and Automation},
  volume={5},
  number={1},
  pages={16--29},
  year={1989},
  publisher={IEEE}
}
@article{chou1991finding,
  title={Finding the position and orientation of a sensor on a robot manipulator using quaternions},
  author={Chou, J. and Kamel, M.},
  journal={The International Journal of Robotics Research},
  volume={10},
  number={3},
  pages={240--254},
  year={1991},
  publisher={Sage Publications}
}
@article{park1994robot,
  title={Robot sensor calibration: solving {AX = XB} on the Euclidean group},
  author={Park, F.C and Martin, B.J.},
  journal={IEEE Transactions on Robotics and Automation},
  volume={10},
  number={5},
  pages={717--721},
  year={1994},
  publisher={IEEE}
}
@article{horaud1995hand,
  title={Hand-eye calibration},
  author={Horaud, R. and Dornaika, F.},
  journal={The International Journal of Robotics Research},
  volume={14},
  number={3},
  pages={195--210},
  year={1995},
  publisher={Sage Publications}
}
@inproceedings{daniilidis1996dual,
  title={The dual quaternion approach to hand-eye calibration},
  author={Daniilidis, Kostas and Bayro-Corrochano, Eduardo},
  booktitle={International Conference on Pattern Recognitoin},
  volume={1},
  pages={318--322},
  year={1996},
  organization={IEEE}
}
@article{daniilidis1999hand,
  title={Hand-eye calibration using dual quaternions},
  author={Daniilidis, K.},
  journal={The International Journal of Robotics Research},
  volume={18},
  number={3},
  pages={286--298},
  year={1999},
  publisher={SAGE Publications}
}
@inproceedings{andreff1999line,
  title={On-line hand-eye calibration},
  author={Andreff, N. and Horaud, R. and Espiau, B.},
  booktitle={International Conference on 3D Digital Imaging and Modeling},
  pages={430--436},
  year={1999},
  organization={IEEE}
}
@article{angeles2000online,
  title={The online solution of the hand-eye problem},
  author={Angeles, Jorge and Soucy, Gilbert and Ferrie, Frank P},
  journal={IEEE Transactions on Robotics and Automation},
  volume={16},
  number={6},
  pages={720--731},
  year={2000},
  publisher={IEEE}
}
@inproceedings{malm2000new,
  title={A new approach to hand-eye calibration},
  author={Malm, Henrik and Heyden, Anders},
  booktitle={International Conference on Pattern Recognition},
  volume={1},
  pages={525--529},
  year={2000},
  organization={IEEE}
}
@article{andreff2001robot,
  title={Robot hand-eye calibration using structure-from-motion},
  author={Andreff, Nicolas and Horaud, Radu and Espiau, Bernard},
  journal={The International Journal of Robotics Research},
  volume={20},
  number={3},
  pages={228--248},
  year={2001},
  publisher={SAGE Publications}
}
@article{gwak2003numerical,
  title={Numerical optimization on the Euclidean group with applications to camera calibration},
  author={Gwak, Seungwoong and Kim, Junggon and Park, Frank Chongwoo},
  journal={IEEE Transactions on Robotics and Automation},
  volume={19},
  number={1},
  pages={65--74},
  year={2003},
  publisher={IEEE}
}
@incollection{schmidt2003robust,
  title={Robust hand--eye calibration of an endoscopic surgery robot using dual quaternions},
  author={Schmidt, Jochen and Vogt, Florian and Niemann, Heinrich},
  booktitle={Pattern Recognition},
  pages={548--556},
  year={2003},
  publisher={Springer}
}

@inproceedings{vogt2004vector,
  title={Vector quantization based data selection for hand-eye calibration},
  author={Vogt, Jochen Schmidt Florian and Niemann, Heinrieh},
  booktitle={Vision, Modeling, and Visualization 2004: Proceedings, November 16-18, 2004, Standford, USA},
  pages={21},
  year={2004},
  organization={IOS Press}
}

@article{fassi2005hand,
  title={Hand to sensor calibration: A geometrical interpretation of the matrix equation {AX = XB}},
  author={Fassi, Irene and Legnani, Giovanni},
  journal={Journal of Robotic Systems},
  volume={22},
  number={9},
  pages={497--506},
  year={2005},
  publisher={Wiley Online Library}
}
@incollection{zhang2005adaptive,
  title={An adaptive selection of motion for online hand-eye calibration},
  author={Zhang, Jing and Shi, Fanhuai and Liu, Yuncai},
  booktitle={Advances in Artificial Intelligence},
  pages={520--529},
  year={2005},
  publisher={Springer}
}
@incollection{schmidt2005calibration,
  title={Calibration--free hand--eye calibration: a structure--from--motion approach},
  author={Schmidt, Jochen and Vogt, Florian and Niemann, Heinrich},
  booktitle={Pattern Recognition},
  pages={67--74},
  year={2005},
  publisher={Springer}
}
@incollection{shi2005approach,
  title={An approach to improve online hand-eye calibration},
  author={Shi, Fanhuai and Wang, Jianhua and Liu, Yuncai},
  booktitle={Pattern Recognition and Image Analysis},
  pages={647--655},
  year={2005},
  publisher={Springer}
}
@article{Boctor-2006,
title={Enabling Technologies For Ultrasound Imaging In Computer-Assisted Intervention},
author={Boctor, E.M.},
journal={Johns Hopkins Thesis},
year={2006}
}
@inproceedings{zhao2006hand,
  title={Hand-eye calibration based on screw motions},
  author={Zhao, Zijian and Liu, Yuncai},
  booktitle={International Conference on Pattern Recognition},
  volume={3},
  pages={1022--1026},
  year={2006},
  organization={IEEE}
}
@inproceedings{strobl2006optimal,
  title={Optimal hand-eye calibration},
  author={Strobl, Klaus H and Hirzinger, Gerd},
  booktitle={IEEE/RSJ International Conference on Intelligent Robots and Systems},
  pages={4647--4653},
  year={2006},
  organization={IEEE}
}
@article{schmidt2008data,
  title={Data selection for hand-eye calibration: a vector quantization approach},
  author={Schmidt, Jochen and Niemann, Heinrich},
  journal={The International Journal of Robotics Research},
  volume={27},
  number={9},
  pages={1027--1053},
  year={2008},
  publisher={SAGE Publications}
}
@inproceedings{seo2009branch,
  title={A branch-and-bound algorithm for globally optimal calibration of a camera-and-rotation-sensor system},
  author={Seo, Yongduek and Choi, Young-Ju and Lee, Sang Wook},
  booktitle={International Conference on Computer Vision},
  pages={1173--1178},
  year={2009},
  organization={IEEE}
}
@inproceedings{heller2011structure,
  title={Structure-from-motion based hand-eye calibration using Lâˆž minimization},
  author={Heller, Jan and Havlena, Michal and Sugimoto, Akihiro and Pajdla, Tomas},
  booktitle={IEEE Conference on Computer Vision and Pattern Recognition},
  pages={3497--3503},
  year={2011},
  organization={IEEE}
}
@inproceedings{zhao2011hand,
  title={Hand-eye calibration using convex optimization},
  author={Zhao, Z.},
  booktitle={IEEE International Conference on Robotics and Automation},
  pages={2947--2952},
  year={2011},
  organization={IEEE}
}
@inproceedings{shah2012overview,
  title={An overview of robot-sensor calibration methods for evaluation of perception systems},
  author={Shah, M. and Eastman, R.D. and Hong, T.},
  booktitle={Proceedings of the Workshop on Performance Metrics for Intelligent Systems},
  pages={15--20},
  year={2012},
  organization={ACM}
}
@inproceedings{kim,
title={Robot Head-Eye Calibration Using the Minimum Variance Method},
author={Kim, S.-J. and Jeong, M.H. and Lee, J.J. and Lee, J.Y. and Kim, K.G. and You, B.J. and Oh, S.R.},
journal={IEEE International Conference on Robotics and Biomimetics},
pages={1446 - 1451}
year={2010}
}
@inproceedings{ruland2012globally,
  title={Globally optimal hand-eye calibration},
  author={Ruland, Thomas and Pajdla, Tomas and Kruger, Lars},
  booktitle={IEEE Conference on Computer Vision and Pattern Recognition},
  pages={1035--1042},
  year={2012},
  organization={IEEE}
}
@inproceedings{heller2012branch,
  title={A branch-and-bound algorithm for globally optimal hand-eye calibration},
  author={Heller, Jan and Havlena, Michal and Pajdla, Tomas},
  booktitle={IEEE Conference on Computer Vision and Pattern Recognition},
  pages={1608--1615},
  year={2012},
  organization={IEEE}
}
@inproceedings{heller2014hand,
  title={Hand-eye and robot-world calibration by global polynomial optimization},
  author={Heller, Jan and Henrion, Didier and Pajdla, Tomas},
  booktitle={IEEE International Conference on Robotics and Automation},
  pages={3157--3164},
  year={2014},
  organization={IEEE}
}
@inproceedings{ackerman2014information,
  title={An information-theoretic approach to the correspondence-free {AX = XB} sensor calibration problem},
  author={Ackerman, Martin Kendal and Cheng, Alexis and Chirikjian, Gregory},
  booktitle={IEEE International Conference on Robotics and Automation},
  pages={4893--4899},
  year={2014},
  organization={IEEE}
}

@incollection{ackermanGSI,
  title={A Probabilistic Solution to the {AX = XB} Problem: Sensor Calibration without Correspondence},
  author={Ackerman, M Kendal and Chirikjian, Gregory S},
  booktitle={Geometric Science of Information},
  pages={693--701},
  year={2013},
  publisher={Springer}
}

@inproceedings{ackermanIROS2013,
  title={Sensor Calibration with Unknown Correspondence: Solving {$AX=XB$} Using Euclidean-Group Invariants},
  author={Ackerman, M.K. and Cheng, A., and Shiffman, B., and Boctor, E.M., and Chirikjian, G. S.},
  booktitle={IEEE/RSJ International Conference on Intelligent Robots and Systems},
  pages={1308--1313},
  year={2013},
  organization={IEEE}
}
@inproceedings{ackerman2014online,
  title={Online ultrasound sensor calibration using gradient descent on the Euclidean Group},
  author={Ackerman, Martin Kendal and Cheng, Alexis and Boctor, Emad and Chirikjian, Gregory},
  booktitle={IEEE International Conference on Robotics and Automation},
  pages={4900--4905},
  year={2014},
  organization={IEEE}
}
@incollection{wu2014hand,
  title={Hand-Eye Calibration and Inverse Kinematics of Robot Arm using Neural Network},
  author={Wu, Haiyan and Tizzano, Walter and Andersen, Thomas Timm and Andersen, Nils Axel and Ravn, Ole},
  booktitle={Robot Intelligence Technology and Applications 2},
  pages={581--591},
  year={2014},
  publisher={Springer}
}
@inproceedings{wang2014towards,
  title={Towards simultaneous coordinate calibrations for cooperative multiple robots},
  author={Wang, Jiaole and Wu, Liao and Meng, Max Q-H and Ren, Hongliang},
  booktitle={IEEE/RSJ International Conference on Intelligent Robots and Systems},
  pages={410--415},
  year={2014},
  organization={IEEE}
}
@inproceedings{liu2015calibration,
  title={Calibration of a robot hand-eye system with a concentric circles target},
  author={Liu, Yan and Wang, QingLin and Li, Yuan},
  booktitle={International Bhurban Conference on Applied Sciences and Technology},
  pages={204--209},
  year={2015},
  organization={IEEE}
}
@article{alexis9,
  title={Internet Time Synchronization: Network Time Protocol},
  author={Mills, D. L.},
  journal={IEEE Transactions on Communications},
  pages={1482-1493},
  year={1991},
  publisher={SAGE Publications}
}
@article{absil,
  title={Optimization algorithms on matrix manifolds},
  author={Absil, P. A. and Mahony, R. and Sepulchre, R.},
  journal={Princeton University Press},
  year={2009}
}
@book{myoldbook,
  title="Engineering applications of noncommutative harmonic analysis: with emphasis on rotation and motion groups",
  author="Chirikjian, G. S. and Kyatkin, A. B.",
  year=2001,
  publisher="CRC Press"
}
@book{vol2,
  title="Stochastic Models, Information Theory, and Lie Groups: Vol. \textbf{2}",
  author="Chirikjian, G. S.",
  year=2011,
  publisher="Birkauser, Boston"
}
@article{wooramrobotica,
  title={Kinematic state estimation and motion planning for stochastic nonholonomic systems using the exponential map},
  author={Park, W., and Liu, Y., and Zhou, Y., and Moses,  M., and Chirikjian, G. S.},
  journal={Robotica},
  pages={419-434},
  year={2008}
}
@article{Park10,
  title={The path-of-probability algorithm for steering and feedback control of flexible needles},
  author={Park, W., and Wang, Y., and Chirikjian, G. S.},
  journal={International Journal of Robotics Research},
  pages={813-830},
  year={2010}
}
@article{Pennec11,
  title={Intrinsic statistics on Riemannian manifolds: Basic tools for geometric measurements},
  author={Pennec, X.},
  journal={Journal of Mathematical Imaging and Vision},
  pages={127-154},
  year={2006}
}
@article{Roussopoulos,
  title={Computing MAP trajectories by representing, propagating and combining PDFs over groups},
  author={Smith, P., and Drummond, T., and Roussopoulos, K.},
  journal={Proceedings of the 9th IEEE International Conference on Computer Vision},
  pages={1275-1282},
  year={2003}
}
@article{SuLee,
  title={Manipulation and propagation of uncertainty and verification of applicability of actions in assembly tasks},
  author={Su, S., and  Lee, C. S. G.},
  journal={IEEE Transactions on Systmes, Man and Cybernetics},
  pages={1376-1389},
  year={1992}
}
@article{Wang06,
  title={Error propagation on the Euclidean group with applications to manipulator kinematics},
  author={Wang, Y. and Chirikjian, G. S.},
  journal={IEEE Transactions on Robotics},
  pages={591-602},
  year={2006}
}
@article{Wang08,
  title={Nonparametric Second-order Theory of Error Propagation on Motion Groups},
  author={Wang, Y. and Chirikjian, G. S.},
  journal={ International Journal of Robotics Research},
  pages={1258â€“1273},
  year={2008}
}
@article{gwak,
  title={Numerical optimization on the Euclidean group with applications to camera calibration},
  author={Gwak, S., and Kim, J., and Park, F. C.},
  journal={IEEE Transactions on Robotics and Automation},
  pages={65-74},
  year={2003}
}
@article{Klein,
  title={Review of pseudoinverse control for use with kinematically redundant manipulators},
  author={Klein, C. A., and Huang, C. H.},
  journal={IEEE Transactions on Systems, Man and Cybernetics},
  pages={245-250},
  year={1983}
}
@article{Maciejewski,
  title={Repeatable generalized inverse control strategies for kinematically redundant manipulators},
  author={Roberts, R. G., and Maciejewski, A. A.},
  journal={IEEE Transactions on Automatic Control},
  pages={689-699},
  year={1993}
}
@article{zhuang1994simultaneous,
  title={Simultaneous robot/world and tool/flange calibration by solving homogeneous transformation equations of the form {AX = YB}},
  author={Zhuang, Hanqi and Roth, Zvi S and Sudhakar, Raghavan},
  journal={IEEE Transactions on Robotics and Automation},
  volume={10},
  number={4},
  pages={549--554},
  year={1994},
  publisher={IEEE}
}
@article{dornaika1998simultaneous,
  title={Simultaneous robot-world and hand-eye calibration},
  author={Dornaika, Fadi and Horaud, Radu},
  journal={IEEE Transactions on Robotics and Automation},
  volume={14},
  number={4},
  pages={617--622},
  year={1998},
  publisher={IEEE}
}
@inproceedings{hirsh2001iterative,
  title={An iterative approach to the hand-eye and base-world calibration problem},
  author={Hirsh, Robert L and DeSouza, Guilherme N and Kak, Avinash C},
  booktitle={IEEE International Conference on Robotics and Automation},
  volume={3},
  pages={2171--2176},
  year={2001},
  organization={IEEE}
}
@article{li2010simultaneous,
  title={Simultaneous robot-world and hand-eye calibration using dual-quaternions and Kronecker product},
  author={Li, Aiguo and Wang, Lin and Wu, Defeng},
  journal={International Journal of Physical Science},
  volume={5},
  number={10},
  pages={1530--1536},
  year={2010}
}
@article{ernst2012non,
  title={Non-orthogonal tool/flange and robot/world calibration},
  author={Ernst, Floris and Richter, Lars and Matth{\"a}us, Lars and Martens, Volker and Bruder, Ralf and Schlaefer, Alexander and Schweikard, Achim},
  journal={The International Journal of Medical Robotics and Computer Assisted Surgery},
  volume={8},
  number={4},
  pages={407--420},
  year={2012},
  publisher={Wiley Online Library}
}
@inproceedings{heller2014hand,
  title={Hand-eye and robot-world calibration by global polynomial optimization},
  author={Heller, Jan and Henrion, Didier and Pajdla, Tomas},
  booktitle={IEEE International Conference on Robotics and Automation},
  pages={3157--3164},
  year={2014},
  organization={IEEE}
}
@article{lepetit2009epnp,
  title={Epnp: An accurate o (n) solution to the pnp problem},
  author={Lepetit, Vincent and Moreno-Noguer, Francesc and Fua, Pascal},
  journal={International Journal of Computer Vision},
  volume={81},
  number={2},
  pages={155--166},
  year={2009},
  publisher={Springer}
}

@inproceedings{Koenig-2004-394,
  author = "Nathan Koenig and Andrew Howard",
  title = "Design and Use Paradigms for Gazebo, An Open-Source Multi-Robot Simulator",
  booktitle = "IEEE/RSJ International Conference on Intelligent Robots and Systems",
  pages = "2149-2154",
  address = "Sendai, Japan",
  month = "Sep",
  year = "2004",
}

@article{Aguero-2015-VRC,
  author={Aguero, C.E. and Koenig, N. and Chen, I. and Boyer, H. and Peters, S. and Hsu, J. and Gerkey, B. and Paepcke, S. and Rivero, J.L.  and Manzo, J. and Krotkov, E. and Pratt, G.},
  journal={IEEE Transactions on Automation Science and Engineering},
  title={Inside the Virtual Robotics Challenge: Simulating Real-Time Robotic Disaster Response},
  year={2015},
  month={April},
  volume={12},
  number={2},
  pages={494-506},
  keywords={Computational modeling;Computer architecture;Computers;Real-time systems;Robot sensing systems;Servers;Cloud robotics;real-time robot simulation;robotic disaster response},
  doi={10.1109/TASE.2014.2368997},
  ISSN={1545-5955}
}

@misc{robodk,
  author = {RoboDK},
  title  = {http://www.robodk.com},
  editor = {Simulator for Industrial Robots and Offline Programming},
  note   = {Accessed: 2015-12-19}
}

@misc{ars,
  author = {ARS},
  title  = {https://ars-project.readthedocs.org},
  editor = {Python Robotics Simulator},
  note   = {Accessed: 2015-12-19}
}

@misc{simspark,
  author = {SimSpark},
  title  = {http://simspark.sourceforge.net/},
  editor = {A Generic Simulator for Various Multiagent Simulation},
  note   = {Accessed: 2015-12-19}
}

@misc{Webots,
  AUTHOR = {Webots},
  TITLE  = {http://www.cyberbotics.com},
  NOTE   = {Commercial Mobile Robot Simulation Software},
  EDITOR = {Cyberbotics Ltd.},
  URL    = {http://www.cyberbotics.com}
}

@article{Webots04,
  AUTHOR  = {Michel, O.},
  TITLE   = {Webots: Professional Mobile Robot Simulation},
  JOURNAL = {Journal of Advanced Robotics Systems},
  YEAR    = {2004},
  VOLUME  = {1},
  NUMBER  = {1},
  PAGES   = {39--42},
  URL     = {http://www.ars-journal.com/International-Journal-of-
             Advanced-Robotic-Systems/Volume-1/39-42.pdf}
}

@inproceedings{morse_simpar_2012,
  author    = {Gilberto Echeverria and
               SÃ©verin Lemaignan and
               Arnaud Degroote and
               Simon Lacroix and
               Michael Karg and
               Pierrick Koch and
               Charles Lesire and
               Serge Stinckwich},
  title     = {Simulating Complex Robotic Scenarios with MORSE},
  booktitle = {SIMPAR},
  year      = {2012},
  pages     = {197-208},
  url       = {http://morse.openrobots.org}
}

@inproceedings{vrep,
  author    = "E. Rohmer, S. P. N. Singh, M. Freese",
  title     = "V-REP: a Versatile and Scalable Robot Simulation Framework",
  booktitle = "Proc. of The International Conference on Intelligent Robots and Systems (IROS)",
  year      = "2013"
}

@misc{prescan,
  author = {PreScan},
  title  = {https://www.tassinternational.com/prescan},
  editor = {A Physics-based Simulation Platform for of ADAS and Active Safety},
  note   = {Accessed: 2015-12-19}
}

@misc{carmaker,
  author = {CarMaker},
  title  = {http://ipg.de/simulationsolutions/carmaker},
  editor = {An Open Integration and Test Platform for Virtual Test Driving},
  note   = {Accessed: 2015-12-19}
}

@misc{adasworks,
  author = {AdasWorks},
  title  = {https://adasworks.com},
  editor = {A Neural Networks-based Software Environment for Automated Driving},
  note   = {Accessed: 2015-12-19}
}

@misc{googlecar,
  author = {Google},
  title  = {https://www.google.com/selfdrivingcar},
  editor = {Google Self-Driving Car Project},
  note   = {Accessed: 2015-12-19}
}

@misc{autopilot,
  author = {Tesla},
  title  = {https://www.teslamotors.com/presskit/autopilot},
  note   = {Accessed: 2015-12-19}
}

@misc{BMW,
  author = {BMW},
  title  = {http://www.bmw.com},
  note   = {Accessed: 2015-12-19}
}

@inproceedings{manewprob,
  title={New Probabilistic Approaches to the AX = XB Hand-Eye Calibration
without Correspondence},
  author={ Ma, Qianli and Li, Haiyuan and Chirikjian, Gregory},
  booktitle={International Conference on Robotics and Automation},
  publisher={IEEE}
}
@inproceedings{maaxbyczprob,
  title={New Probabilistic Approaches to the AX = XB Hand-Eye Calibration
without Correspondence},
  author={ Ma, Qianli and Goh, Zachariah and Chirikjian, Gregory},
  booktitle={Robotics: Science and Systems},
}
@article{lisimultaneous,
  title={Simultaneous Hand-Eye and Robot-World Calibration by Solving the AX= YB Problem without Correspondence},
  author={Li, Haiyuan and Ma, Qianli and Wang, Tianmiao and Chirikjian, Gregory},
  publisher={IEEE}
}